<?xml version="1.0" encoding="UTF-8"?><collection xmlns="http://www.loc.gov/MARC21/slim"><record><leader>00518nam--2200181-i-4500</leader><controlfield tag="001">000040278</controlfield><controlfield tag="002">20161230</controlfield><controlfield tag="005">20170205003616</controlfield><controlfield tag="008">060222s1000------------r-----000-0-rum-d</controlfield><datafield ind1=" " ind2=" " tag="040"><subfield code="a">IFIN-HH</subfield></datafield><datafield ind1=" " ind2=" " tag="041"><subfield code="a">rum</subfield></datafield><datafield ind1=" " ind2=" " tag="080"><subfield code="a">539.16(021)=59</subfield></datafield><datafield ind1="1" ind2=" " tag="100"><subfield code="a">Sanielevici, Alexandru S</subfield></datafield><datafield ind1="1" ind2="0" tag="245"><subfield code="a">Radioactivitatea</subfield><subfield code="b">(fenomene si legi generale) volumul I</subfield><subfield code="c">Alex. S. Sanielevici</subfield></datafield><datafield ind1=" " ind2=" " tag="260"><subfield code="a">Bucuresti</subfield><subfield code="b">Editura Academiei Rpr</subfield><subfield code="c">1956</subfield></datafield><datafield ind1=" " ind2=" " tag="300"><subfield code="a">254 p.+ilustr.+erata</subfield></datafield><datafield ind1=" " ind2=" " tag="852"><subfield code="a">4180</subfield><subfield code="c">539.16</subfield></datafield><datafield ind1=" " ind2=" " tag="CAT"><subfield code="a">SYS</subfield><subfield code="c">20170205</subfield><subfield code="h">003616</subfield></datafield></record></collection>